
@article{collobert2011natural,
  title   = {Natural language processing (almost) from scratch},
  author  = {Collobert, Ronan and Weston, Jason and Bottou, L{\'e}on and Karlen, Michael and Kavukcuoglu, Koray and Kuksa, Pavel},
  journal = {Journal of machine learning research},
  volume  = {12},
  number  = {Aug},
  pages   = {2493--2537},
  year    = {2011}
}

@book{mel1988dependency,
  title     = {Dependency syntax: theory and practice},
  author    = {Mel'cuk, Igor Aleksandrovic and others},
  year      = {1988},
  publisher = {SUNY press}
}

@book{tesniere2015elements,
  title     = {Elements of structural syntax},
  author    = {Tesni{\`e}re, Lucien and Kahane, Sylvain},
  year      = {2015},
  publisher = {John Benjamins Publishing Company New York}
}

@article{hays1964dependency,
  title     = {Dependency theory: A formalism and some observations},
  author    = {Hays, David G},
  journal   = {Language},
  volume    = {40},
  number    = {4},
  pages     = {511--525},
  year      = {1964},
  publisher = {JSTOR}
}

@article{马金山2007基于统计方法的汉语依存句法分析研究,
  title   = {基于统计方法的汉语依存句法分析研究},
  author  = {马金山},
  journal = {博士毕业论文, 哈尔滨工业大学},
  year    = {2007}
}

% neural parsing
@inproceedings{chen2014fast,
  title     = {A fast and accurate dependency parser using neural networks},
  author    = {Chen, Danqi and Manning, Christopher D},
  booktitle = {Proceedings of the 2014 conference on empirical methods in natural language processing (EMNLP)},
  pages     = {740--750},
  year      = {2014}
}

@article{dyer2015transition,
  title   = {Transition-based dependency parsing with stack long short-term memory},
  author  = {Dyer, Chris and Ballesteros, Miguel and Ling, Wang and Matthews, Austin and Smith, Noah A},
  journal = {arXiv preprint arXiv:1505.08075},
  year    = {2015}
}

@article{weiss2015structured,
  title   = {Structured training for neural network transition-based parsing},
  author  = {Weiss, David and Alberti, Chris and Collins, Michael and Petrov, Slav},
  journal = {arXiv preprint arXiv:1506.06158},
  year    = {2015}
}

@inproceedings{zhou2015neural,
  title     = {A neural probabilistic structured-prediction model for transition-based dependency parsing},
  author    = {Zhou, Hao and Zhang, Yue and Huang, Shujian and Chen, Jiajun},
  booktitle = {Proceedings of the 53rd Annual Meeting of the Association for Computational Linguistics and the 7th International Joint Conference on Natural Language Processing (Volume 1: Long Papers)},
  pages     = {1213--1222},
  year      = {2015}
}

@article{andor2016globally,
  title   = {Globally normalized transition-based neural networks},
  author  = {Andor, Daniel and Alberti, Chris and Weiss, David and Severyn, Aliaksei and Presta, Alessandro and Ganchev, Kuzman and Petrov, Slav and Collins, Michael},
  journal = {arXiv preprint arXiv:1603.06042},
  year    = {2016}
}

@article{kiperwasser2016simple,
  title     = {Simple and accurate dependency parsing using bidirectional LSTM feature representations},
  author    = {Kiperwasser, Eliyahu and Goldberg, Yoav},
  journal   = {Transactions of the Association for Computational Linguistics},
  volume    = {4},
  pages     = {313--327},
  year      = {2016},
  publisher = {MIT Press}
}

@inproceedings{dozat2017deep,
  author    = {Dozat, Timothy and Manning, Christopher D.},
  title     = {Deep Biaffine Attention for Neural Dependecy Parsing},
  booktitle = {Proceedings of ICLR},
  year      = {2017}
}

%semi-supervised parsing
@inproceedings{koo2008simple,
  title     = {Simple semi-supervised dependency parsing},
  author    = {Koo, Terry and Carreras, Xavier and Collins, Michael},
  booktitle = {Proceedings of ACL-08: HLT},
  pages     = {595--603},
  year      = {2008}
}
@inproceedings{chen2009improving,
  title        = {Improving dependency parsing with subtrees from auto-parsed data},
  author       = {Chen, Wenliang and Kazama, Jun'ichi and Uchimoto, Kiyotaka and Torisawa, Kentaro},
  booktitle    = {Proceedings of the 2009 Conference on Empirical Methods in Natural Language Processing: Volume 2-Volume 2},
  pages        = {570--579},
  year         = {2009},
  organization = {Association for Computational Linguistics}
}

@inproceedings{bansal2011web,
  title        = {Web-scale features for full-scale parsing},
  author       = {Bansal, Mohit and Klein, Dan},
  booktitle    = {Proceedings of the 49th Annual Meeting of the Association for Computational Linguistics: Human Language Technologies-Volume 1},
  pages        = {693--702},
  year         = {2011},
  organization = {Association for Computational Linguistics}
}

%% parsing with aligned text
@inproceedings{huang2009bilingually,
  title        = {Bilingually-constrained (monolingual) shift-reduce parsing},
  author       = {Huang, Liang and Jiang, Wenbin and Liu, Qun},
  booktitle    = {Proceedings of the 2009 Conference on Empirical Methods in Natural Language Processing: Volume 3-Volume 3},
  pages        = {1222--1231},
  year         = {2009},
  organization = {Association for Computational Linguistics}
}

@inproceedings{chen2010bitext,
  title        = {Bitext dependency parsing with bilingual subtree constraints},
  author       = {Chen, Wenliang and Kazama, Jun'ichi and Torisawa, Kentaro},
  booktitle    = {Proceedings of the 48th Annual Meeting of the Association for Computational Linguistics},
  pages        = {21--29},
  year         = {2010},
  organization = {Association for Computational Linguistics}
}

%exploitation of multiple treebanks
%% undirectal exploitation
@inproceedings{li2012exploiting,
  title        = {Exploiting multiple treebanks for parsing with quasi-synchronous grammars},
  author       = {Li, Zhenghua and Liu, Ting and Che, Wanxiang},
  booktitle    = {Proceedings of the 50th Annual Meeting of the Association for Computational Linguistics: Long Papers-Volume 1},
  pages        = {675--684},
  year         = {2012},
  organization = {Association for Computational Linguistics}
}

@inproceedings{guo2016universal,
  title     = {A universal framework for inductive transfer parsing across multi-typed treebanks},
  author    = {Guo, Jiang and Che, Wanxiang and Wang, Haifeng and Liu, Ting},
  booktitle = {Proceedings of COLING 2016, the 26th International Conference on Computational Linguistics: Technical Papers},
  pages     = {12--22},
  year      = {2016}
}

@article{stymne2018parser,
  title   = {Parser training with heterogeneous treebanks},
  author  = {Stymne, Sara and de Lhoneux, Miryam and Smith, Aaron and Nivre, Joakim},
  journal = {arXiv preprint arXiv:1805.05089},
  year    = {2018}
}

%% unsupervised treebank conversion
@article{magerman1994natural,
  title   = {Natural language parsing as statistical pattern recognition},
  author  = {Magerman, David M},
  journal = {arXiv preprint cmp-lg/9405009},
  year    = {1994}
}

@inproceedings{nivre2004deterministic,
  title        = {Deterministic dependency parsing of English text},
  author       = {Nivre, Joakim and Scholz, Mario},
  booktitle    = {Proceedings of the 20th international conference on Computational Linguistics},
  pages        = {64},
  year         = {2004},
  organization = {Association for Computational Linguistics}
}

@inproceedings{niu2009exploiting,
  title        = {Exploiting heterogeneous treebanks for parsing},
  author       = {Niu, Zheng-Yu and Wang, Haifeng and Wu, Hua},
  booktitle    = {Proceedings of the Joint Conference of the 47th Annual Meeting of the ACL and the 4th International Joint Conference on Natural Language Processing of the AFNLP: Volume 1-Volume 1},
  pages        = {46--54},
  year         = {2009},
  organization = {Association for Computational Linguistics}
}

@inproceedings{zhu2011better,
  title     = {Better automatic treebank conversion using a feature-based approach},
  author    = {Zhu, Muhua and Zhu, Jingbo and Hu, Minghan},
  booktitle = {Proceedings of the 49th Annual Meeting of the Association for Computational Linguistics: Human Language Technologies},
  pages     = {715--719},
  year      = {2011}
}

@inproceedings{li2013iterative,
  title     = {Iterative transformation of annotation guidelines for constituency parsing},
  author    = {Li, Xiang and Jiang, Wenbin and L{\"u}, Yajuan and Liu, Qun},
  booktitle = {Proceedings of the 51st Annual Meeting of the Association for Computational Linguistics (Volume 2: Short Papers)},
  pages     = {591--596},
  year      = {2013}
}

%评测比赛
@inproceedings{buchholz2006conll,
  title     = {CoNLL-X shared task on multilingual dependency parsing},
  author    = {Buchholz, Sabine and Marsi, Erwin},
  booktitle = {Proceedings of the tenth conference on computational natural language learning (CoNLL-X)},
  pages     = {149--164},
  year      = {2006}
}

@inproceedings{nivre2007conll,
  title     = {The CoNLL 2007 shared task on dependency parsing},
  author    = {Nivre, Joakim and Hall, Johan and K{\"u}bler, Sandra and McDonald, Ryan and Nilsson, Jens and Riedel, Sebastian and Yuret, Deniz},
  booktitle = {Proceedings of the 2007 Joint Conference on Empirical Methods in Natural Language Processing and Computational Natural Language Learning (EMNLP-CoNLL)},
  pages     = {915--932},
  year      = {2007}
}

@inproceedings{hajivc2009conll,
  title     = {The {C}o{NLL}-2009 Shared Task: Syntactic and Semantic Dependencies in Multiple Languages},
  author    = {Haji{\v{c}}, Jan  and
      Ciaramita, Massimiliano  and
      Johansson, Richard  and
      Kawahara, Daisuke  and
      Mart{\'\i}, Maria Ant{\`o}nia  and
      M{\`a}rquez, Llu{\'\i}s  and
      Meyers, Adam  and
      Nivre, Joakim  and
      Pad{\'o}, Sebastian  and
      {\v{S}}t{\v{e}}p{\'a}nek, Jan  and
      Stra{\v{n}}{\'a}k, Pavel  and
      Surdeanu, Mihai  and
      Xue, Nianwen  and
      Zhang, Yi},
  booktitle = {Proceedings of the Thirteenth Conference on Computational Natural Language Learning ({C}o{NLL} 2009): Shared Task},
  month     = jun,
  year      = {2009},
  address   = {Boulder, Colorado},
  publisher = {Association for Computational Linguistics},
  url       = {https://www.aclweb.org/anthology/W09-1201},
  pages     = {1--18}
}

@inproceedings{surdeanu2008conll,
  title     = {The CoNLL 2008 shared task on joint parsing of syntactic and semantic dependencies},
  author    = {Surdeanu, Mihai and Johansson, Richard and Meyers, Adam and M{\`a}rquez, Llu{\'\i}s and Nivre, Joakim},
  booktitle = {CoNLL 2008: Proceedings of the Twelfth Conference on Computational Natural Language Learning},
  pages     = {159--177},
  year      = {2008}
}

% transation-based parsing
@inproceedings{nivre2006labeled,
  title     = {Labeled pseudo-projective dependency parsing with support vector machines},
  author    = {Nivre, Joakim and Hall, Johan and Nilsson, Jens and Eryi{\u{g}}it, G{\"u}l{\c{s}}en and Marinov, Svetoslav},
  booktitle = {Proceedings of the Tenth Conference on Computational Natural Language Learning (CoNLL-X)},
  pages     = {221--225},
  year      = {2006}
}

@inproceedings{ren2009parsing,
  title     = {Parsing syntactic and semantic dependencies for multiple languages with a pipeline approach},
  author    = {Ren, Han and Ji, Donghong and Wan, Jing and Zhang, Mingyao},
  booktitle = {Proceedings of the Thirteenth Conference on Computational Natural Language Learning (CoNLL 2009): Shared Task},
  pages     = {97--102},
  year      = {2009}
}

@inproceedings{zhang2011transition,
  title        = {Transition-based dependency parsing with rich non-local features},
  author       = {Zhang, Yue and Nivre, Joakim},
  booktitle    = {Proceedings of the 49th Annual Meeting of the Association for Computational Linguistics: Human Language Technologies: short papers-Volume 2},
  pages        = {188--193},
  year         = {2011},
  organization = {Association for Computational Linguistics}
}

@inproceedings{buckman2016transition,
  title        = {Transition-based dependency parsing with heuristic backtracking},
  author       = {Buckman, Jacob and Ballesteros, Miguel and Dyer, Chris},
  booktitle    = {Proceedings of the 2016 Conference on Empirical Methods in Natural Language Processing; 2016 Nov 1-5; Austin, Texas, USA. Stroudsburg (USA): Association for Computational Linguistics (ACL); 2016. p. 2313-18.},
  year         = {2016},
  organization = {ACL (Association for Computational Linguistics)}
}

% graph-based parsing
@inproceedings{mcdonald2005online,
  title     = {Online large-margin training of dependency parsers},
  author    = {McDonald, Ryan and Crammer, Koby and Pereira, Fernando},
  booktitle = {Proceedings of the 43rd Annual Meeting of the Association for Computational Linguistics (ACL’05)},
  pages     = {91--98},
  year      = {2005}
}

@inproceedings{mcdonald2006online,
  title     = {Online learning of approximate dependency parsing algorithms},
  author    = {McDonald, Ryan and Pereira, Fernando},
  booktitle = {11th Conference of the European Chapter of the Association for Computational Linguistics},
  year      = {2006}
}

@inproceedings{carreras2007experiments,
  title     = {Experiments with a higher-order projective dependency parser},
  author    = {Carreras, Xavier},
  booktitle = {Proceedings of the 2007 Joint Conference on Empirical Methods in Natural Language Processing and Computational Natural Language Learning (EMNLP-CoNLL)},
  pages     = {957--961},
  year      = {2007}
}

@inproceedings{koo2010efficient,
  title        = {Efficient third-order dependency parsers},
  author       = {Koo, Terry and Collins, Michael},
  booktitle    = {Proceedings of the 48th Annual Meeting of the Association for Computational Linguistics},
  pages        = {1--11},
  year         = {2010},
  organization = {Association for Computational Linguistics}
}


%combination of graph-based and transition-based parsing
@inproceedings{nivre2008integrating,
  title     = {Integrating graph-based and transition-based dependency parsers},
  author    = {Nivre, Joakim and McDonald, Ryan},
  booktitle = {Proceedings of ACL-08: HLT},
  pages     = {950--958},
  year      = {2008}
}

@inproceedings{bohnet2012best,
  title        = {The best of both worlds: a graph-based completion model for transition-based parsers},
  author       = {Bohnet, Bernd and Kuhn, Jonas},
  booktitle    = {Proceedings of the 13th Conference of the European Chapter of the Association for Computational Linguistics},
  pages        = {77--87},
  year         = {2012},
  organization = {Association for Computational Linguistics}
}



% detect opinion expression
@article{yang2014joint,
  title     = {Joint modeling of opinion expression extraction and attribute classification},
  author    = {Yang, Bishan and Cardie, Claire},
  journal   = {Transactions of the Association for Computational Linguistics},
  volume    = {2},
  pages     = {505--516},
  year      = {2014},
  publisher = {MIT Press}
}


@inproceedings{breck2007identifying,
  title     = {Identifying Expressions of Opinion in Context.},
  author    = {Breck, Eric and Choi, Yejin and Cardie, Claire},
  booktitle = {IJCAI},
  volume    = {7},
  pages     = {2683--2688},
  year      = {2007}
}

@inproceedings{kim2006extracting,
  title        = {Extracting opinions, opinion holders, and topics expressed in online news media text},
  author       = {Kim, Soo-Min and Hovy, Eduard},
  booktitle    = {Proceedings of the Workshop on Sentiment and Subjectivity in Text},
  pages        = {1--8},
  year         = {2006},
  organization = {Association for Computational Linguistics}
}

@article{johansson2013relational,
  title     = {Relational features in fine-grained opinion analysis},
  author    = {Johansson, Richard and Moschitti, Alessandro},
  journal   = {Computational Linguistics},
  volume    = {39},
  number    = {3},
  pages     = {473--509},
  year      = {2013},
  publisher = {MIT Press}
}

@inproceedings{choi2006joint,
  title        = {Joint extraction of entities and relations for opinion recognition},
  author       = {Choi, Yejin and Breck, Eric and Cardie, Claire},
  booktitle    = {Proceedings of the 2006 Conference on Empirical Methods in Natural Language Processing},
  pages        = {431--439},
  year         = {2006},
  organization = {Association for Computational Linguistics}
}

@inproceedings{yang-cardie-2013-joint,
  title     = {Joint Inference for Fine-grained Opinion Extraction},
  author    = {Yang, Bishan  and
	Cardie, Claire},
  booktitle = {Proceedings of the 51st Annual Meeting of the Association for Computational Linguistics (Volume 1: Long Papers)},
  month     = aug,
  year      = {2013},
  address   = {Sofia, Bulgaria},
  publisher = {Association for Computational Linguistics},
  url       = {https://www.aclweb.org/anthology/P13-1161},
  pages     = {1640--1649}
}

@inproceedings{katiyar2016investigating,
  title     = {Investigating lstms for joint extraction of opinion entities and relations},
  author    = {Katiyar, Arzoo and Cardie, Claire},
  booktitle = {Proceedings of the 54th Annual Meeting of the Association for Computational Linguistics (Volume 1: Long Papers)},
  pages     = {919--929},
  year      = {2016}
}

% multi-task-learning  SRL4ORL
@article{marasovic2017srl4orl,
  title   = {SRL4ORL: Improving opinion role labeling using multi-task learning with semantic role labeling},
  author  = {Marasovi{\'c}, Ana and Frank, Anette},
  journal = {arXiv preprint arXiv:1711.00768},
  year    = {2017}
}

% Semantic-Aware ORL
@inproceedings{zhang2019enhancing,
  title     = {Enhancing Opinion Role Labeling with Semantic-Aware Word Representations from Semantic Role Labeling},
  author    = {Zhang, Meishan and Liang, Peili and Fu, Guohong},
  booktitle = {Proceedings of the 2019 Conference of the North American Chapter of the Association for Computational Linguistics: Human Language Technologies, Volume 1 (Long and Short Papers)},
  pages     = {641--646},
  year      = {2019}
}

%application
@inproceedings{xia2019syntax,
  title     = {Syntax-aware Neural Semantic Role Labeling},
  author    = {Xia, Qingrong and Li, Zhenghua and Zhang, Min and Zhang Meishan and Fu, Guohong and Wang, Rui and Si, Luo},
  booktitle = {Proceedings of AAAI},
  year      = {2019},
  pages     = {7305--7313}
}

@inproceedings{yang2016position,
  title     = {A position encoding convolutional neural network based on dependency tree for relation classification},
  author    = {Yang, Yunlun and Tong, Yunhai and Ma, Shulei and Deng, Zhi-Hong},
  booktitle = {Proceedings of the 2016 Conference on Empirical Methods in Natural Language Processing},
  pages     = {65--74},
  year      = {2016}
}

@article{roth2016neural,
  title   = {Neural semantic role labeling with dependency path embeddings},
  author  = {Roth, Michael and Lapata, Mirella},
  journal = {arXiv preprint arXiv:1605.07515},
  year    = {2016}
}

@article{tai2015improved,
  title   = {Improved semantic representations from tree-structured long short-term memory networks},
  author  = {Tai, Kai Sheng and Socher, Richard and Manning, Christopher D},
  journal = {arXiv preprint arXiv:1503.00075},
  year    = {2015}
}

@article{kipf2016semi,
  title   = {Semi-supervised classification with graph convolutional networks},
  author  = {Kipf, Thomas N and Welling, Max},
  journal = {arXiv preprint arXiv:1609.02907},
  year    = {2016}
}

@article{xia2019mtl,
  title   = {A Syntax-aware Multi-task Learning Framework for Chinese Semantic Role Labeling},
  author  = {Xia, Qingrong and Li, Zhenghua and Zhang, Min},
  journal = {arXiv preprint arXiv:1911.04641},
  year    = {2019}
}

@article{zhang2019syntaxMT,
  title   = {Syntax-Enhanced Neural Machine Translation with Syntax-Aware Word Representations},
  author  = {Zhang, Meishan and Li, Zhenghua and Fu, Guohong and Zhang, Min},
  journal = {arXiv preprint arXiv:1905.02878},
  year    = {2019}
}

@article{郭丽娟2018适应多领域多来源文本的汉语依存句法数据标注规范,
  title   = {适应多领域多来源文本的汉语依存句法数据标注规范},
  author  = {郭丽娟 and 李正华 and 彭雪 and 张民},
  journal = {中文信息学报},
  volume  = {32},
  number  = {10},
  year    = {2018}
}

@article{zhli2013doctor,
  title   = {汉语依存句法分析关键技术研究},
  author  = {李正华},
  journal = {博士毕业论文, 哈尔滨工业大学},
  year    = {2013}
}

@inproceedings{zhenghua-p16,
  author    = {Li, Zhenghua  and  Zhang, Min and Zhang, Yue and Liu, Zhanyi and Chen, Wenliang and Wu, Hua and Wang, Haifeng},
  title     = {Active Learning for Dependency Parsing with Partial Annotation},
  booktitle = {Proceedings of ACL},
  year      = {2016}
}

@inproceedings{ma-xuezhe-i17-non-proj-crf,
  author    = {Ma, Xuezhe  and  Hovy, Eduard},
  title     = {Neural Probabilistic Model for Non-projective MST Parsing},
  booktitle = {Proceedings of IJCNLP},
  year      = {2017},
  pages     = {59--69}
}


%orl
@article{bollen2011twitter,
  title     = {Twitter mood predicts the stock market},
  author    = {Bollen, Johan and Mao, Huina and Zeng, Xiaojun},
  journal   = {Journal of computational science},
  volume    = {2},
  number    = {1},
  pages     = {1--8},
  year      = {2011},
  publisher = {Elsevier}
}

@article{nguyen2015sentiment,
  title     = {Sentiment analysis on social media for stock movement prediction},
  author    = {Nguyen, Thien Hai and Shirai, Kiyoaki and Velcin, Julien},
  journal   = {Expert Systems with Applications},
  volume    = {42},
  number    = {24},
  pages     = {9603--9611},
  year      = {2015},
  publisher = {Elsevier}
}

@inproceedings{cui-etal-2017-superagent,
  title     = {{S}uper{A}gent: A Customer Service Chatbot for E-commerce Websites},
  author    = {Cui, Lei  and
	Huang, Shaohan  and
	Wei, Furu  and
	Tan, Chuanqi  and
	Duan, Chaoqun  and
	Zhou, Ming},
  booktitle = {Proceedings of {ACL} 2017, System Demonstrations},
  month     = jul,
  year      = {2017},
  address   = {Vancouver, Canada},
  publisher = {Association for Computational Linguistics},
  url       = {https://www.aclweb.org/anthology/P17-4017},
  pages     = {97--102}
}

@article{devlin2018bert,
  title   = {Bert: Pre-training of deep bidirectional transformers for language understanding},
  author  = {Devlin, Jacob and Chang, Ming-Wei and Lee, Kenton and Toutanova, Kristina},
  journal = {arXiv preprint arXiv:1810.04805},
  year    = {2018}
}

@inproceedings{ruppenhofer2008finding,
  title     = {Finding the Sources and Targets of Subjective Expressions},
  author    = {Josef Ruppenhofer and Swapna Somasundaran and J. Wiebe},
  booktitle = {LREC},
  year      = {2008}
}

@article{peters2018deep,
  title   = {Deep contextualized word representations},
  author  = {Peters, Matthew E and Neumann, Mark and Iyyer, Mohit and Gardner, Matt and Clark, Christopher and Lee, Kenton and Zettlemoyer, Luke},
  journal = {arXiv preprint arXiv:1802.05365},
  year    = {2018}
}

@article{guo2019attention,
  title   = {Attention guided graph convolutional networks for relation extraction},
  author  = {Guo, Zhijiang and Zhang, Yan and Lu, Wei},
  journal = {arXiv preprint arXiv:1906.07510},
  year    = {2019}
}

@article{bastings2017graph,
  title   = {Graph convolutional encoders for syntax-aware neural machine translation},
  author  = {Bastings, Joost and Titov, Ivan and Aziz, Wilker and Marcheggiani, Diego and Sima'an, Khalil},
  journal = {arXiv preprint arXiv:1704.04675},
  year    = {2017}
}

@inproceedings{marcheggiani2017encoding,
  title     = {Encoding Sentences with Graph Convolutional Networks for Semantic Role Labeling},
  author    = {Marcheggiani, Diego and Titov, Ivan},
  booktitle = {Proceedings of the 2017 Conference on Empirical Methods in Natural Language Processing},
  pages     = {1506--1515},
  year      = {2017}
}

@article{marcheggiani2017simple,
  title   = {A simple and accurate syntax-agnostic neural model for dependency-based semantic role labeling},
  author  = {Marcheggiani, Diego and Frolov, Anton and Titov, Ivan},
  journal = {arXiv preprint arXiv:1701.02593},
  year    = {2017}
}

%treebanks
@inproceedings{german-tiger-treebank,
  author    = {Sabine Brants and Stefanie Dipper and Silvia Hansen and Wolfgang Lezius and George Smith},
  booktitle = {Proceedings of the Workshop on Treebanks and Linguistic Theory},
  title     = {{The TIGER treebank}},
  year      = {2002},
  pages     = {24--41}
}

@inproceedings{german-tuba-D/Z-treebank,
  author    = {Heike Telljohann and Erhard Hinrichs and Sandra Kbler},
  booktitle = {Proceedings of
	the Fourth International Conference on Language Resources
	and Evaluation (LREC)},
  title     = {{The T\"uba-D/Z treebank: Annotating German with a context-free backbone}},
  year      = {2004},
  pages     = {2229--2235}
}

@misc{swedish-syntag-treebank,
  author       = {Jerker J\"arborg},
  title        = {Manual for syntaggning},
  year         = {1986},
  howpublished = {Department of Linguistic Computation, University of Gothenburg}
}


@misc{swedish-talbankens-treebank,
  author       = {Jan Einarsson},
  title        = {Talbankens skriftspr\aa kskonkordans},
  year         = {1976},
  howpublished = {Department of Scandinavian Languages, Lund University}
}

@misc{italian-ISST-treebank,
  author       = {Simonetta Montemagni and Francesco Barsotti and Marco Battista and Nicoletta Calzolari and Ornella Corazzari and Alessandro Lenci and Antonio Zampolli and Francesca Fanciulli and Maria Massetani and Remo Raffaelli and Roberto Basili and Maria Teresa Pazienza and Dario Saracino and Fabio Zanzotto and Nadia Mana and Fabio Pianesi and Rodolfo Delmonte},
  title        = {Building the Italian Syntactic–Semantic Treebank},
  year         = {2003},
  howpublished = {In Anne Abeille, editor, Building and Using Syntactically Annotated Corpora. Kluwer, Dordrecht.}
}

@inproceedings{miwa-p16-treelstm-re,
  author    = {Miwa, Makoto  and  Bansal, Mohit},
  title     = {End-to-End Relation Extraction using LSTMs on Sequences and Tree Structures},
  booktitle = {Proceedings of ACL},
  year      = {2016},
  pages     = {1105--1116}
}

@inproceedings{li2014ambiguity,
  title     = {Ambiguity-aware ensemble training for semi-supervised dependency parsing},
  author    = {Li, Zhenghua and Zhang, Min and Chen, Wenliang},
  booktitle = {Proceedings of the 52nd Annual Meeting of the Association for Computational Linguistics (Volume 1: Long Papers)},
  pages     = {457--467},
  year      = {2014}
}